<record><leader>00000cas a22000007a 4500</leader><controlfield tag="001">11610041</controlfield><controlfield tag="008">850123d18911893iauwr ne      0    0eng d</controlfield><datafield ind1=" " ind2=" " tag="010"><subfield code="a">sn 85049510 </subfield></datafield><datafield ind1=" " ind2=" " tag="040"><subfield code="a">INP</subfield><subfield code="b">eng</subfield><subfield code="c">INP</subfield><subfield code="d">OCLCQ</subfield></datafield><datafield ind1=" " ind2=" " tag="042"><subfield code="a">msc</subfield></datafield><datafield ind1="0" ind2=" " tag="130"><subfield code="a">Weekly herald (Iowa City, Iowa)</subfield></datafield><datafield ind1="1" ind2="4" tag="245"><subfield code="a">The Weekly herald.</subfield></datafield><datafield ind1=" " ind2=" " tag="260"><subfield code="a">Iowa City, Iowa :</subfield><subfield code="b">Herald Co.,</subfield><subfield code="c">-1893.</subfield></datafield><datafield ind1=" " ind2=" " tag="300"><subfield code="a">v.</subfield></datafield><datafield ind1=" " ind2=" " tag="310"><subfield code="a">Weekly</subfield></datafield><datafield ind1="1" ind2=" " tag="362"><subfield code="a">Began in 1891.</subfield><subfield code="z">Cf. Bibl. of Iowa newspapers.</subfield></datafield><datafield ind1="0" ind2=" " tag="362"><subfield code="a">-v. 2, no. 17 (Feb. 1, 1893).</subfield></datafield><datafield ind1=" " ind2=" " tag="500"><subfield code="a">Editors: I.B. Kinkead &amp; A.W. Ricker.</subfield></datafield><datafield ind1=" " ind2=" " tag="515"><subfield code="a">Vol. 1, no. 4 (Jan. 12, 1892) misdated 1891.</subfield></datafield><datafield ind1=" " ind2=" " tag="588"><subfield code="a">Description based on: Vol. 1, no. 4 (Jan. 12, 1891 [i.e. 1892]).</subfield></datafield><datafield ind1=" " ind2=" " tag="752"><subfield code="a">United States</subfield><subfield code="b">Iowa</subfield><subfield code="c">Johnson</subfield><subfield code="d">Iowa City.</subfield></datafield><datafield ind1="0" ind2="0" tag="785"><subfield code="t">Independent herald (Iowa City, Iowa)</subfield><subfield code="w">(DLC)sn 85049511</subfield></datafield></record>